<record><leader>00000cas a22000007a 4500</leader><controlfield tag="001">17489932</controlfield><controlfield tag="008">880217d19661970deuwr ne      0    0eng d</controlfield><datafield ind1=" " ind2=" " tag="010"><subfield code="a">sn 88053006 </subfield></datafield><datafield ind1=" " ind2=" " tag="040"><subfield code="a">DEX</subfield><subfield code="b">eng</subfield><subfield code="c">DEX</subfield><subfield code="d">OCLCQ</subfield></datafield><datafield ind1=" " ind2=" " tag="042"><subfield code="a">msc</subfield></datafield><datafield ind1="0" ind2="4" tag="245"><subfield code="a">The New Castle weekly.</subfield></datafield><datafield ind1=" " ind2=" " tag="260"><subfield code="a">Newark, Del. :</subfield><subfield code="b">Newark Weekly, Inc.</subfield></datafield><datafield ind1=" " ind2=" " tag="300"><subfield code="a">v.</subfield></datafield><datafield ind1=" " ind2=" " tag="310"><subfield code="a">Weekly</subfield></datafield><datafield ind1="0" ind2=" " tag="362"><subfield code="a">Vol. 1, no. 1 (Apr. 6, 1966)-</subfield></datafield><datafield ind1="1" ind2=" " tag="362"><subfield code="a">Ceased with May 27, 1970 issue?</subfield></datafield><datafield ind1=" " ind2=" " tag="580"><subfield code="a">Merged with: Newark post weekly, and: Suburban news (Wilmington, Del.), to become: Weekly post (Newark, Del.).</subfield></datafield><datafield ind1=" " ind2=" " tag="752"><subfield code="a">United States</subfield><subfield code="b">Delaware</subfield><subfield code="c">New Castle</subfield><subfield code="d">Newark.</subfield></datafield><datafield ind1="1" ind2="7" tag="785"><subfield code="t">Newark post weekly</subfield><subfield code="w">(DLC)sn 88053001</subfield></datafield><datafield ind1="1" ind2="7" tag="785"><subfield code="t">Suburban news (Wilmington, Del.)</subfield><subfield code="w">(DLC)sn 88053125</subfield></datafield><datafield ind1="1" ind2="7" tag="785"><subfield code="t">Weekly post (Newark, Del.)</subfield><subfield code="w">(DLC)sn 88053002</subfield></datafield></record>